<?xml version="1.0" encoding="UTF-8"?><Document xmlns="urn:iso:std:iso:20022:tech:xsd:camt.053.001.02"><BkToCstmrStmt><GrpHdr><MsgId>XML99102025071100064820734114897998</MsgId><CreDtTm>2025-07-11T00:06:48.207+02:00</CreDtTm><MsgRcpt><Id><OrgId><Othr><Id>0068194567</Id><SchmeNm><Cd>CUST</Cd></SchmeNm></Othr><Othr><Id>NDEAPROD</Id><SchmeNm><Cd>BANK</Cd></SchmeNm></Othr></OrgId></Id></MsgRcpt></GrpHdr><Stmt><Id>2025-07-11-00.06.48-SEK8160</Id><ElctrncSeqNb>462</ElctrncSeqNb><LglSeqNb>128</LglSeqNb><CreDtTm>2025-07-11T00:06:48.207+02:00</CreDtTm><Acct><Id><IBAN>SE1295000099604221208160</IBAN></Id><Ccy>SEK</Ccy><Ownr><Nm>MONTA APS</Nm><Id><OrgId><Othr><Id>9557858207</Id><SchmeNm><Cd>COID</Cd></SchmeNm></Othr></OrgId></Id></Ownr><Svcr><FinInstnId><BIC>NDEASESS</BIC><ClrSysMmbId><ClrSysId><Cd>SESBA</Cd></ClrSysId><MmbId>9960</MmbId></ClrSysMmbId><PstlAdr><Ctry>SE</Ctry></PstlAdr></FinInstnId></Svcr></Acct><Bal><Tp><CdOrPrtry><Cd>OPBD</Cd></CdOrPrtry></Tp><Amt Ccy="SEK">3901654.36</Amt><CdtDbtInd>CRDT</CdtDbtInd><Dt><Dt>2025-07-10</Dt></Dt></Bal><Bal><Tp><CdOrPrtry><Cd>CLBD</Cd></CdOrPrtry></Tp><Amt Ccy="SEK">4125341.23</Amt><CdtDbtInd>CRDT</CdtDbtInd><Dt><Dt>2025-07-10</Dt></Dt></Bal><Bal><Tp><CdOrPrtry><Cd>CLAV</Cd></CdOrPrtry></Tp><Amt Ccy="SEK">4124252.17</Amt><CdtDbtInd>CRDT</CdtDbtInd><Dt><Dt>2025-07-10</Dt></Dt></Bal><Ntry><NtryRef>1</NtryRef><Amt Ccy="SEK">916.56</Amt><CdtDbtInd>CRDT</CdtDbtInd><Sts>BOOK</Sts><BookgDt><Dt>2025-07-10</Dt></BookgDt><ValDt><Dt>2025-07-11</Dt></ValDt><AcctSvcrRef>2025071020032337421053</AcctSvcrRef><BkTxCd><Domn><Cd>PMNT</Cd><Fmly><Cd>RCDT</Cd><SubFmlyCd>DMCT</SubFmlyCd></Fmly></Domn></BkTxCd><NtryDtls><TxDtls><Refs><AcctSvcrRef>2025071020032337421053</AcctSvcrRef><TxId>2025071020032337421053</TxId></Refs><AmtDtls><TxAmt><Amt Ccy="SEK">916.56</Amt></TxAmt></AmtDtls><BkTxCd><Domn><Cd>PMNT</Cd><Fmly><Cd>RCDT</Cd><SubFmlyCd>DMCT</SubFmlyCd></Fmly></Domn></BkTxCd><RltdPties><Dbtr><Nm>MONTA APS</Nm><PstlAdr><StrtNm>STRANDBOULEVARDEN 122, 5.</StrtNm><PstCd>00000</PstCd><TwnNm>DK-2100 KÖPENHAMN</TwnNm></PstlAdr><Id><OrgId><Othr><Id>955785-8207</Id><SchmeNm><Cd>CUST</Cd></SchmeNm></Othr></OrgId></Id></Dbtr></RltdPties><RmtInf><Ustrd>Bankgiroinsättning 450-8966</Ustrd><Ustrd>Bankgiroinsättning 450-8966</Ustrd></RmtInf></TxDtls></NtryDtls></Ntry><Ntry><NtryRef>2</NtryRef><Amt Ccy="SEK">172.50</Amt><CdtDbtInd>CRDT</CdtDbtInd><Sts>BOOK</Sts><BookgDt><Dt>2025-07-10</Dt></BookgDt><ValDt><Dt>2025-07-11</Dt></ValDt><AcctSvcrRef>20250710200761421984</AcctSvcrRef><BkTxCd><Domn><Cd>PMNT</Cd><Fmly><Cd>RCDT</Cd><SubFmlyCd>ACDT</SubFmlyCd></Fmly></Domn></BkTxCd><NtryDtls><TxDtls><Refs><AcctSvcrRef>20250710200761421984</AcctSvcrRef><TxId>20250710200761421984</TxId></Refs><AmtDtls><TxAmt><Amt Ccy="SEK">172.50</Amt></TxAmt></AmtDtls><BkTxCd><Domn><Cd>PMNT</Cd><Fmly><Cd>RCDT</Cd><SubFmlyCd>ACDT</SubFmlyCd></Fmly></Domn></BkTxCd><RltdPties><Dbtr><Nm>MONTA APS</Nm><PstlAdr><StrtNm>STRANDBOULEVARDEN 122, 5.</StrtNm><PstCd>00000</PstCd><TwnNm>DK-2100 KÖPENHAMN</TwnNm></PstlAdr><Id><OrgId><Othr><Id>955785-8207</Id><SchmeNm><Cd>CUST</Cd></SchmeNm></Othr></OrgId></Id></Dbtr></RltdPties><RmtInf><Ustrd>139231</Ustrd><Ustrd>139231</Ustrd></RmtInf></TxDtls></NtryDtls></Ntry><Ntry><NtryRef>3</NtryRef><Amt Ccy="SEK">550.00</Amt><CdtDbtInd>CRDT</CdtDbtInd><Sts>BOOK</Sts><BookgDt><Dt>2025-07-10</Dt></BookgDt><ValDt><Dt>2025-07-10</Dt></ValDt><AcctSvcrRef>2025071053219717351</AcctSvcrRef><BkTxCd><Domn><Cd>PMNT</Cd><Fmly><Cd>RCDT</Cd><SubFmlyCd>ACDT</SubFmlyCd></Fmly></Domn></BkTxCd><NtryDtls><TxDtls><Refs><AcctSvcrRef>2025071053219717351</AcctSvcrRef><TxId>2025071053219717351</TxId></Refs><AmtDtls><TxAmt><Amt Ccy="SEK">550.00</Amt></TxAmt></AmtDtls><BkTxCd><Domn><Cd>PMNT</Cd><Fmly><Cd>RCDT</Cd><SubFmlyCd>ACDT</SubFmlyCd></Fmly></Domn></BkTxCd><RltdPties><Dbtr><Nm>MONTA APS</Nm><PstlAdr><StrtNm>STRANDBOULEVARDEN 122, 5.</StrtNm><PstCd>00000</PstCd><TwnNm>DK-2100 KÖPENHAMN</TwnNm></PstlAdr><Id><OrgId><Othr><Id>955785-8207</Id><SchmeNm><Cd>CUST</Cd></SchmeNm></Othr></OrgId></Id></Dbtr></RltdPties><RmtInf><Ustrd>Insättning</Ustrd><Ustrd>Insättning</Ustrd></RmtInf></TxDtls></NtryDtls></Ntry><Ntry><NtryRef>4</NtryRef><Amt Ccy="SEK">238797.81</Amt><CdtDbtInd>CRDT</CdtDbtInd><Sts>BOOK</Sts><BookgDt><Dt>2025-07-10</Dt></BookgDt><ValDt><Dt>2025-07-10</Dt></ValDt><AcctSvcrRef>2025071093110376990811000000</AcctSvcrRef><BkTxCd><Domn><Cd>PMNT</Cd><Fmly><Cd>RCDT</Cd><SubFmlyCd>ACDT</SubFmlyCd></Fmly></Domn></BkTxCd><NtryDtls><TxDtls><Refs><AcctSvcrRef>2025071093110376990811000000</AcctSvcrRef><TxId>2025071093110376990811000000</TxId></Refs><AmtDtls><TxAmt><Amt Ccy="SEK">238797.81</Amt></TxAmt></AmtDtls><BkTxCd><Domn><Cd>PMNT</Cd><Fmly><Cd>RCDT</Cd><SubFmlyCd>ACDT</SubFmlyCd></Fmly></Domn></BkTxCd><RltdPties><Dbtr><Nm>MONTA APS</Nm><PstlAdr><StrtNm>STRANDBOULEVARDEN 122, 5.</StrtNm><PstCd>00000</PstCd><TwnNm>DK-2100 KÖPENHAMN</TwnNm></PstlAdr><Id><OrgId><Othr><Id>955785-8207</Id><SchmeNm><Cd>CUST</Cd></SchmeNm></Othr></OrgId></Id></Dbtr></RltdPties><RmtInf><Ustrd>STRIPE Monta</Ustrd><Ustrd>STRIPE Monta</Ustrd></RmtInf></TxDtls></NtryDtls></Ntry><Ntry><NtryRef>5</NtryRef><Amt Ccy="SEK">10042.00</Amt><CdtDbtInd>DBIT</CdtDbtInd><Sts>BOOK</Sts><BookgDt><Dt>2025-07-10</Dt></BookgDt><ValDt><Dt>2025-07-10</Dt></ValDt><AcctSvcrRef>20250710208826536861</AcctSvcrRef><BkTxCd><Domn><Cd>PMNT</Cd><Fmly><Cd>ICDT</Cd><SubFmlyCd>DMCT</SubFmlyCd></Fmly></Domn></BkTxCd><NtryDtls><TxDtls><Refs><AcctSvcrRef>20250710208826536861</AcctSvcrRef><TxId>20250710208826536861</TxId></Refs><AmtDtls><TxAmt><Amt Ccy="SEK">10042.00</Amt></TxAmt></AmtDtls><BkTxCd><Domn><Cd>PMNT</Cd><Fmly><Cd>ICDT</Cd><SubFmlyCd>DMCT</SubFmlyCd></Fmly></Domn></BkTxCd><RltdAgts><DbtrAgt><FinInstnId><BIC>NDEASESS</BIC><PstlAdr><Ctry>SE</Ctry></PstlAdr></FinInstnId></DbtrAgt><CdtrAgt><FinInstnId><BIC>NDEASESS</BIC><PstlAdr><Ctry>SE</Ctry></PstlAdr></FinInstnId></CdtrAgt></RltdAgts><RmtInf><Ustrd>Betalning BG 5050-1055 SKATTEVERKET</Ustrd><Ustrd>Betalning BG 5050-1055 SKATTEVERKET</Ustrd></RmtInf></TxDtls></NtryDtls></Ntry><Ntry><NtryRef>6</NtryRef><Amt Ccy="SEK">5942.00</Amt><CdtDbtInd>DBIT</CdtDbtInd><Sts>BOOK</Sts><BookgDt><Dt>2025-07-10</Dt></BookgDt><ValDt><Dt>2025-07-10</Dt></ValDt><AcctSvcrRef>20250710208826536851</AcctSvcrRef><BkTxCd><Domn><Cd>PMNT</Cd><Fmly><Cd>ICDT</Cd><SubFmlyCd>DMCT</SubFmlyCd></Fmly></Domn></BkTxCd><NtryDtls><TxDtls><Refs><AcctSvcrRef>20250710208826536851</AcctSvcrRef><TxId>20250710208826536851</TxId></Refs><AmtDtls><TxAmt><Amt Ccy="SEK">5942.00</Amt></TxAmt></AmtDtls><BkTxCd><Domn><Cd>PMNT</Cd><Fmly><Cd>ICDT</Cd><SubFmlyCd>DMCT</SubFmlyCd></Fmly></Domn></BkTxCd><RltdAgts><DbtrAgt><FinInstnId><BIC>NDEASESS</BIC><PstlAdr><Ctry>SE</Ctry></PstlAdr></FinInstnId></DbtrAgt><CdtrAgt><FinInstnId><BIC>NDEASESS</BIC><PstlAdr><Ctry>SE</Ctry></PstlAdr></FinInstnId></CdtrAgt></RltdAgts><RmtInf><Ustrd>Betalning BG 5050-1055 SKATTEVERKET</Ustrd><Ustrd>Betalning BG 5050-1055 SKATTEVERKET</Ustrd></RmtInf></TxDtls></NtryDtls></Ntry><Ntry><NtryRef>7</NtryRef><Amt Ccy="SEK">766.00</Amt><CdtDbtInd>DBIT</CdtDbtInd><Sts>BOOK</Sts><BookgDt><Dt>2025-07-10</Dt></BookgDt><ValDt><Dt>2025-07-10</Dt></ValDt><AcctSvcrRef>20250710208826536841</AcctSvcrRef><BkTxCd><Domn><Cd>PMNT</Cd><Fmly><Cd>ICDT</Cd><SubFmlyCd>DMCT</SubFmlyCd></Fmly></Domn></BkTxCd><NtryDtls><TxDtls><Refs><AcctSvcrRef>20250710208826536841</AcctSvcrRef><TxId>20250710208826536841</TxId></Refs><AmtDtls><TxAmt><Amt Ccy="SEK">766.00</Amt></TxAmt></AmtDtls><BkTxCd><Domn><Cd>PMNT</Cd><Fmly><Cd>ICDT</Cd><SubFmlyCd>DMCT</SubFmlyCd></Fmly></Domn></BkTxCd><RltdAgts><DbtrAgt><FinInstnId><BIC>NDEASESS</BIC><PstlAdr><Ctry>SE</Ctry></PstlAdr></FinInstnId></DbtrAgt><CdtrAgt><FinInstnId><BIC>NDEASESS</BIC><PstlAdr><Ctry>SE</Ctry></PstlAdr></FinInstnId></CdtrAgt></RltdAgts><RmtInf><Ustrd>Betalning BG 5050-1055 SKATTEVERKET</Ustrd><Ustrd>Betalning BG 5050-1055 SKATTEVERKET</Ustrd></RmtInf></TxDtls></NtryDtls></Ntry></Stmt></BkToCstmrStmt></Document>