<?xml version="1.0" encoding="UTF-8"?><Document xmlns="urn:iso:std:iso:20022:tech:xsd:camt.053.001.02"><BkToCstmrStmt><GrpHdr><MsgId>XML99102025071100064931193443135901</MsgId><CreDtTm>2025-07-11T00:06:49.311+02:00</CreDtTm><MsgRcpt><Id><OrgId><Othr><Id>0068194567</Id><SchmeNm><Cd>CUST</Cd></SchmeNm></Othr><Othr><Id>NDEAPROD</Id><SchmeNm><Cd>BANK</Cd></SchmeNm></Othr></OrgId></Id></MsgRcpt></GrpHdr><Stmt><Id>2025-07-11-00.06.49-EUR4700</Id><ElctrncSeqNb>29</ElctrncSeqNb><LglSeqNb>29</LglSeqNb><CreDtTm>2025-07-11T00:06:49.311+02:00</CreDtTm><Acct><Id><IBAN>DK8420005036674700</IBAN></Id><Ccy>EUR</Ccy><Ownr><Nm>MONTA APS</Nm></Ownr><Svcr><FinInstnId><BIC>NDEADKKK</BIC><PstlAdr><Ctry>DK</Ctry></PstlAdr></FinInstnId></Svcr></Acct><Bal><Tp><CdOrPrtry><Cd>OPBD</Cd></CdOrPrtry></Tp><Amt Ccy="EUR">627146.75</Amt><CdtDbtInd>CRDT</CdtDbtInd><Dt><Dt>2025-07-10</Dt></Dt></Bal><Bal><Tp><CdOrPrtry><Cd>CLBD</Cd></CdOrPrtry></Tp><Amt Ccy="EUR">831378.27</Amt><CdtDbtInd>CRDT</CdtDbtInd><Dt><Dt>2025-07-10</Dt></Dt></Bal><Bal><Tp><CdOrPrtry><Cd>CLAV</Cd></CdOrPrtry></Tp><Amt Ccy="EUR">831378.27</Amt><CdtDbtInd>CRDT</CdtDbtInd><Dt><Dt>2025-07-10</Dt></Dt></Bal><Ntry><NtryRef>1</NtryRef><Amt Ccy="EUR">59.08</Amt><CdtDbtInd>CRDT</CdtDbtInd><Sts>BOOK</Sts><BookgDt><Dt>2025-07-10</Dt></BookgDt><ValDt><Dt>2025-07-10</Dt></ValDt><AcctSvcrRef>7464002026100725</AcctSvcrRef><BkTxCd><Domn><Cd>PMNT</Cd><Fmly><Cd>RCDT</Cd><SubFmlyCd>XBCT</SubFmlyCd></Fmly></Domn></BkTxCd><NtryDtls><TxDtls><Refs><AcctSvcrRef>2519080864955865</AcctSvcrRef></Refs><AmtDtls><InstdAmt><Amt Ccy="EUR">59.08</Amt></InstdAmt><TxAmt><Amt Ccy="EUR">59.08</Amt></TxAmt><PrtryAmt><Tp>IBS</Tp><Amt Ccy="EUR">59.08</Amt></PrtryAmt></AmtDtls><BkTxCd><Domn><Cd>PMNT</Cd><Fmly><Cd>RCDT</Cd><SubFmlyCd>XBCT</SubFmlyCd></Fmly></Domn></BkTxCd><RltdPties><Dbtr><Nm>Stern + Hafferl Verkehrsgesellschaf</Nm></Dbtr><Cdtr><Nm>Monta ApS</Nm></Cdtr></RltdPties><RltdAgts><DbtrAgt><FinInstnId><BIC>OBKLAT2L</BIC><Nm>OBERBANK AG</Nm><PstlAdr><Ctry>AT</Ctry></PstlAdr></FinInstnId></DbtrAgt></RltdAgts><RmtInf><Ustrd>/DOC/150550/12.41/20250701/DOC/1499</Ustrd><Ustrd>29/46.67/20250701</Ustrd></RmtInf></TxDtls></NtryDtls></Ntry><Ntry><NtryRef>2</NtryRef><Amt Ccy="EUR">147.11</Amt><CdtDbtInd>CRDT</CdtDbtInd><Sts>BOOK</Sts><BookgDt><Dt>2025-07-10</Dt></BookgDt><ValDt><Dt>2025-07-10</Dt></ValDt><AcctSvcrRef>7464004018100725</AcctSvcrRef><BkTxCd><Domn><Cd>PMNT</Cd><Fmly><Cd>RCDT</Cd><SubFmlyCd>XBCT</SubFmlyCd></Fmly></Domn></BkTxCd><NtryDtls><TxDtls><Refs><AcctSvcrRef>BP00000229075279</AcctSvcrRef></Refs><AmtDtls><InstdAmt><Amt Ccy="EUR">147.11</Amt></InstdAmt><TxAmt><Amt Ccy="EUR">147.11</Amt></TxAmt><PrtryAmt><Tp>IBS</Tp><Amt Ccy="EUR">147.11</Amt></PrtryAmt></AmtDtls><BkTxCd><Domn><Cd>PMNT</Cd><Fmly><Cd>RCDT</Cd><SubFmlyCd>XBCT</SubFmlyCd></Fmly></Domn></BkTxCd><RltdPties><Dbtr><Nm>Dr. Barbara Sturm</Nm></Dbtr><Cdtr><Nm>Monta ApS</Nm></Cdtr></RltdPties><RltdAgts><DbtrAgt><FinInstnId><BIC>BWFBATW1</BIC><Nm>OESTERREICHISCHE AERZTE- UND APOTHEKERBANK AG</Nm><PstlAdr><Ctry>AT</Ctry></PstlAdr></FinInstnId></DbtrAgt></RltdAgts><RmtInf><Ustrd>145487</Ustrd></RmtInf></TxDtls></NtryDtls></Ntry><Ntry><NtryRef>3</NtryRef><Amt Ccy="EUR">2056.38</Amt><CdtDbtInd>CRDT</CdtDbtInd><Sts>BOOK</Sts><BookgDt><Dt>2025-07-10</Dt></BookgDt><ValDt><Dt>2025-07-10</Dt></ValDt><AcctSvcrRef>7464000006100725</AcctSvcrRef><BkTxCd><Domn><Cd>PMNT</Cd><Fmly><Cd>RCDT</Cd><SubFmlyCd>XBCT</SubFmlyCd></Fmly></Domn></BkTxCd><NtryDtls><TxDtls><Refs><AcctSvcrRef>2519080864968832</AcctSvcrRef></Refs><AmtDtls><InstdAmt><Amt Ccy="EUR">2056.38</Amt></InstdAmt><TxAmt><Amt Ccy="EUR">2056.38</Amt></TxAmt><PrtryAmt><Tp>IBS</Tp><Amt Ccy="EUR">2056.38</Amt></PrtryAmt></AmtDtls><BkTxCd><Domn><Cd>PMNT</Cd><Fmly><Cd>RCDT</Cd><SubFmlyCd>XBCT</SubFmlyCd></Fmly></Domn></BkTxCd><RltdPties><Dbtr><Nm>ewe Kuchen GmbH</Nm></Dbtr><Cdtr><Nm>Monta ApS</Nm></Cdtr></RltdPties><RltdAgts><DbtrAgt><FinInstnId><BIC>OBKLAT2L</BIC><Nm>OBERBANK AG</Nm><PstlAdr><Ctry>AT</Ctry></PstlAdr></FinInstnId></DbtrAgt></RltdAgts><RmtInf><Ustrd>Nr.150359/1.7.2025</Ustrd></RmtInf></TxDtls></NtryDtls></Ntry><Ntry><NtryRef>4</NtryRef><Amt Ccy="EUR">697.51</Amt><CdtDbtInd>CRDT</CdtDbtInd><Sts>BOOK</Sts><BookgDt><Dt>2025-07-10</Dt></BookgDt><ValDt><Dt>2025-07-10</Dt></ValDt><AcctSvcrRef>7464001772100725</AcctSvcrRef><BkTxCd><Domn><Cd>PMNT</Cd><Fmly><Cd>RCDT</Cd><SubFmlyCd>XBCT</SubFmlyCd></Fmly></Domn></BkTxCd><NtryDtls><TxDtls><Refs><AcctSvcrRef>J1E19048170024N1</AcctSvcrRef></Refs><AmtDtls><InstdAmt><Amt Ccy="EUR">697.51</Amt></InstdAmt><TxAmt><Amt Ccy="EUR">697.51</Amt></TxAmt><PrtryAmt><Tp>IBS</Tp><Amt Ccy="EUR">697.51</Amt></PrtryAmt></AmtDtls><BkTxCd><Domn><Cd>PMNT</Cd><Fmly><Cd>RCDT</Cd><SubFmlyCd>XBCT</SubFmlyCd></Fmly></Domn></BkTxCd><RltdPties><Dbtr><Nm>ELMI Power GmbH</Nm></Dbtr><Cdtr><Nm>Monta ApS</Nm></Cdtr></RltdPties><RltdAgts><DbtrAgt><FinInstnId><BIC>HELADEF1822</BIC><Nm>FRANKFURTER SPARKASSE</Nm><PstlAdr><Ctry>DE</Ctry></PstlAdr></FinInstnId></DbtrAgt></RltdAgts><RmtInf><Ustrd>Rechnung Referenz-Nr.: 149336</Ustrd></RmtInf></TxDtls></NtryDtls></Ntry><Ntry><NtryRef>5</NtryRef><Amt Ccy="EUR">189.21</Amt><CdtDbtInd>CRDT</CdtDbtInd><Sts>BOOK</Sts><BookgDt><Dt>2025-07-10</Dt></BookgDt><ValDt><Dt>2025-07-10</Dt></ValDt><AcctSvcrRef>7464001751100725</AcctSvcrRef><BkTxCd><Domn><Cd>PMNT</Cd><Fmly><Cd>RCDT</Cd><SubFmlyCd>XBCT</SubFmlyCd></Fmly></Domn></BkTxCd><NtryDtls><TxDtls><Refs><AcctSvcrRef>1907888480000001</AcctSvcrRef></Refs><AmtDtls><InstdAmt><Amt Ccy="EUR">189.21</Amt></InstdAmt><TxAmt><Amt Ccy="EUR">189.21</Amt></TxAmt><PrtryAmt><Tp>IBS</Tp><Amt Ccy="EUR">189.21</Amt></PrtryAmt></AmtDtls><BkTxCd><Domn><Cd>PMNT</Cd><Fmly><Cd>RCDT</Cd><SubFmlyCd>XBCT</SubFmlyCd></Fmly></Domn></BkTxCd><RltdPties><Dbtr><Nm>SOLETANCHE BACHY FONDATIONS SPECIAL</Nm><PstlAdr><AdrLine>21 RUE DU JURA CP 70582 RUNGIS CEDE</AdrLine><AdrLine>X 94663</AdrLine></PstlAdr></Dbtr><Cdtr><Nm>WATT</Nm></Cdtr></RltdPties><RltdAgts><DbtrAgt><FinInstnId><BIC>BSUIFRPPXXX</BIC><Nm>CREDIT AGRICOLE CIB</Nm><PstlAdr><Ctry>FR</Ctry></PstlAdr></FinInstnId></DbtrAgt></RltdAgts><RmtInf><Ustrd>145180</Ustrd></RmtInf></TxDtls></NtryDtls></Ntry><Ntry><NtryRef>6</NtryRef><Amt Ccy="EUR">93.23</Amt><CdtDbtInd>CRDT</CdtDbtInd><Sts>BOOK</Sts><BookgDt><Dt>2025-07-10</Dt></BookgDt><ValDt><Dt>2025-07-10</Dt></ValDt><AcctSvcrRef>7464008100100725</AcctSvcrRef><BkTxCd><Domn><Cd>PMNT</Cd><Fmly><Cd>RCDT</Cd><SubFmlyCd>XBCT</SubFmlyCd></Fmly></Domn></BkTxCd><NtryDtls><TxDtls><Refs><AcctSvcrRef>BCTBKRFU8191</AcctSvcrRef></Refs><AmtDtls><InstdAmt><Amt Ccy="EUR">93.23</Amt></InstdAmt><TxAmt><Amt Ccy="EUR">93.23</Amt></TxAmt><PrtryAmt><Tp>IBS</Tp><Amt Ccy="EUR">93.23</Amt></PrtryAmt></AmtDtls><BkTxCd><Domn><Cd>PMNT</Cd><Fmly><Cd>RCDT</Cd><SubFmlyCd>XBCT</SubFmlyCd></Fmly></Domn></BkTxCd><RltdPties><Dbtr><Nm>LEGAT OWEN LIMITED</Nm><PstlAdr><AdrLine>ALBION HOUSE ALBION STREET CHESTERC</AdrLine><AdrLine>H1 1RQ CHESTER</AdrLine></PstlAdr></Dbtr><Cdtr><Nm>MONTA APS</Nm></Cdtr></RltdPties><RltdAgts><DbtrAgt><FinInstnId><BIC>BUKBGB22XXX</BIC><Nm>BARCLAYS BANK UK PLC</Nm><PstlAdr><Ctry>GB</Ctry></PstlAdr></FinInstnId></DbtrAgt></RltdAgts><RmtInf><Ustrd>151593 Lidl</Ustrd></RmtInf></TxDtls></NtryDtls></Ntry><Ntry><NtryRef>7</NtryRef><Amt Ccy="EUR">329.09</Amt><CdtDbtInd>CRDT</CdtDbtInd><Sts>BOOK</Sts><BookgDt><Dt>2025-07-10</Dt></BookgDt><ValDt><Dt>2025-07-10</Dt></ValDt><AcctSvcrRef>7464005769100725</AcctSvcrRef><BkTxCd><Domn><Cd>PMNT</Cd><Fmly><Cd>RCDT</Cd><SubFmlyCd>XBCT</SubFmlyCd></Fmly></Domn></BkTxCd><NtryDtls><TxDtls><Refs><AcctSvcrRef>3546552748</AcctSvcrRef></Refs><AmtDtls><InstdAmt><Amt Ccy="CHF">308.02</Amt></InstdAmt><TxAmt><Amt Ccy="EUR">329.09</Amt><CcyXchg><SrcCcy>CHF</SrcCcy><TrgtCcy>EUR</TrgtCcy><XchgRate>0.9360</XchgRate></CcyXchg></TxAmt><PrtryAmt><Tp>IBS</Tp><Amt Ccy="CHF">308.02</Amt></PrtryAmt></AmtDtls><BkTxCd><Domn><Cd>PMNT</Cd><Fmly><Cd>RCDT</Cd><SubFmlyCd>XBCT</SubFmlyCd></Fmly></Domn></BkTxCd><RltdPties><Dbtr><Nm>STRIPE TECHNOLOGY EUROPE LTD</Nm><PstlAdr><AdrLine>25-28 NORTH WALL QUAY</AdrLine><AdrLine>IE - DUBLIN 1 D01H104</AdrLine></PstlAdr></Dbtr><Cdtr><Nm>MONTA APS</Nm></Cdtr></RltdPties><RltdAgts><DbtrAgt><FinInstnId><BIC>SXPYDKKKXXX</BIC><Nm>BANKING CIRCLE DENMARK</Nm><PstlAdr><Ctry>DK</Ctry></PstlAdr></FinInstnId></DbtrAgt></RltdAgts><RmtInf><Ustrd>MONTA APS I7O8H3</Ustrd></RmtInf></TxDtls></NtryDtls></Ntry><Ntry><NtryRef>8</NtryRef><Amt Ccy="EUR">456.80</Amt><CdtDbtInd>CRDT</CdtDbtInd><Sts>BOOK</Sts><BookgDt><Dt>2025-07-10</Dt></BookgDt><ValDt><Dt>2025-07-10</Dt></ValDt><AcctSvcrRef>7464011338100725</AcctSvcrRef><BkTxCd><Domn><Cd>PMNT</Cd><Fmly><Cd>RCDT</Cd><SubFmlyCd>XBCT</SubFmlyCd></Fmly></Domn></BkTxCd><NtryDtls><TxDtls><Refs><AcctSvcrRef>1532507100011317</AcctSvcrRef></Refs><AmtDtls><InstdAmt><Amt Ccy="EUR">456.80</Amt></InstdAmt><TxAmt><Amt Ccy="EUR">456.80</Amt></TxAmt><PrtryAmt><Tp>IBS</Tp><Amt Ccy="EUR">456.80</Amt></PrtryAmt></AmtDtls><BkTxCd><Domn><Cd>PMNT</Cd><Fmly><Cd>RCDT</Cd><SubFmlyCd>XBCT</SubFmlyCd></Fmly></Domn></BkTxCd><RltdPties><Dbtr><Nm>U.S. BANK EUROPE DAC, CHERRYWOOD BU</Nm><PstlAdr><AdrLine>Cherrywood Business Park, Loughlins</AdrLine><AdrLine>town, Co Dublin, Ireland</AdrLine></PstlAdr></Dbtr><Cdtr><Nm>MONTA APS</Nm></Cdtr></RltdPties><RltdAgts><DbtrAgt><FinInstnId><BIC>USBKIE2D</BIC><Nm>U.S. BANK EUROPE DESIGNATED ACTIVITY COMPANY</Nm><PstlAdr><Ctry>IE</Ctry></PstlAdr></FinInstnId></DbtrAgt></RltdAgts><RmtInf><Ustrd>EMS355071000401567SE NR.2101901567 </Ustrd><Ustrd>GROSS      462.09 MSC      5.29</Ustrd></RmtInf></TxDtls></NtryDtls></Ntry><Ntry><NtryRef>9</NtryRef><Amt Ccy="EUR">197793.81</Amt><CdtDbtInd>CRDT</CdtDbtInd><Sts>BOOK</Sts><BookgDt><Dt>2025-07-10</Dt></BookgDt><ValDt><Dt>2025-07-10</Dt></ValDt><AcctSvcrRef>7464016551100725</AcctSvcrRef><BkTxCd><Domn><Cd>PMNT</Cd><Fmly><Cd>RCDT</Cd><SubFmlyCd>XBCT</SubFmlyCd></Fmly></Domn></BkTxCd><NtryDtls><TxDtls><Refs><AcctSvcrRef>SCTUCBQ6EGYXM1D</AcctSvcrRef></Refs><AmtDtls><InstdAmt><Amt Ccy="EUR">197793.81</Amt></InstdAmt><TxAmt><Amt Ccy="EUR">197793.81</Amt></TxAmt><PrtryAmt><Tp>IBS</Tp><Amt Ccy="EUR">197793.81</Amt></PrtryAmt></AmtDtls><BkTxCd><Domn><Cd>PMNT</Cd><Fmly><Cd>RCDT</Cd><SubFmlyCd>XBCT</SubFmlyCd></Fmly></Domn></BkTxCd><RltdPties><Dbtr><Nm>SIEMENS AG</Nm><PstlAdr><AdrLine>WERNER-VON-SIEMENS-STR. 1 80333 MUN</AdrLine><AdrLine>CHEN</AdrLine></PstlAdr></Dbtr><Cdtr><Nm>Monta ApS</Nm></Cdtr></RltdPties><RltdAgts><DbtrAgt><FinInstnId><BIC>DABAFIHHXXX</BIC><Nm>DANSKE BANK A/S, FINLAND BRANCH</Nm><PstlAdr><Ctry>FI</Ctry></PstlAdr></FinInstnId></DbtrAgt></RltdAgts><RmtInf><Ustrd>SAG Corp. Units/Services See paymen</Ustrd><Ustrd>t advice 2450499941from 09.07.2025</Ustrd></RmtInf></TxDtls></NtryDtls></Ntry><Ntry><NtryRef>10</NtryRef><Amt Ccy="EUR">137.09</Amt><CdtDbtInd>CRDT</CdtDbtInd><Sts>BOOK</Sts><BookgDt><Dt>2025-07-10</Dt></BookgDt><ValDt><Dt>2025-07-10</Dt></ValDt><AcctSvcrRef>7464017534100725</AcctSvcrRef><BkTxCd><Domn><Cd>PMNT</Cd><Fmly><Cd>RCDT</Cd><SubFmlyCd>XBCT</SubFmlyCd></Fmly></Domn></BkTxCd><NtryDtls><TxDtls><Refs><AcctSvcrRef>FR1DK49786246450</AcctSvcrRef></Refs><AmtDtls><InstdAmt><Amt Ccy="EUR">137.09</Amt></InstdAmt><TxAmt><Amt Ccy="EUR">137.09</Amt></TxAmt><PrtryAmt><Tp>IBS</Tp><Amt Ccy="EUR">137.09</Amt></PrtryAmt></AmtDtls><BkTxCd><Domn><Cd>PMNT</Cd><Fmly><Cd>RCDT</Cd><SubFmlyCd>XBCT</SubFmlyCd></Fmly></Domn></BkTxCd><RltdPties><Dbtr><Nm>HUGO BOSS FRANCE SAS</Nm><PstlAdr><AdrLine>111-113 RUE DE GRENELLE75007 PARIS</AdrLine><AdrLine>FRANCE</AdrLine></PstlAdr></Dbtr><Cdtr><Nm>WAAT</Nm></Cdtr></RltdPties><RltdAgts><DbtrAgt><FinInstnId><BIC>DEUTFRPPXXX</BIC><Nm>DEUTSCHE BANK AG</Nm><PstlAdr><Ctry>FR</Ctry></PstlAdr></FinInstnId></DbtrAgt></RltdAgts><RmtInf><Ustrd>IN:125317 IN:132183</Ustrd></RmtInf></TxDtls></NtryDtls></Ntry><Ntry><NtryRef>11</NtryRef><Amt Ccy="EUR">267.65</Amt><CdtDbtInd>CRDT</CdtDbtInd><Sts>BOOK</Sts><BookgDt><Dt>2025-07-10</Dt></BookgDt><ValDt><Dt>2025-07-10</Dt></ValDt><AcctSvcrRef>7464021328100725</AcctSvcrRef><BkTxCd><Domn><Cd>PMNT</Cd><Fmly><Cd>RCDT</Cd><SubFmlyCd>XBCT</SubFmlyCd></Fmly></Domn></BkTxCd><NtryDtls><TxDtls><Refs><AcctSvcrRef>DE1DK49798680011</AcctSvcrRef></Refs><AmtDtls><InstdAmt><Amt Ccy="EUR">267.65</Amt></InstdAmt><TxAmt><Amt Ccy="EUR">267.65</Amt></TxAmt><PrtryAmt><Tp>IBS</Tp><Amt Ccy="EUR">267.65</Amt></PrtryAmt></AmtDtls><BkTxCd><Domn><Cd>PMNT</Cd><Fmly><Cd>RCDT</Cd><SubFmlyCd>XBCT</SubFmlyCd></Fmly></Domn></BkTxCd><RltdPties><Dbtr><Nm>Hertz Autovermietung GmbH</Nm><PstlAdr><AdrLine>Grenzweg 2</AdrLine><AdrLine>65451 Kelsterbach</AdrLine></PstlAdr></Dbtr><Cdtr><Nm>MONTA APS</Nm></Cdtr></RltdPties><RltdAgts><DbtrAgt><FinInstnId><BIC>DEUTDEFFXXX</BIC><Nm>DEUTSCHE BANK AG</Nm><PstlAdr><Ctry>DE</Ctry></PstlAdr></FinInstnId></DbtrAgt></RltdAgts><RmtInf><Ustrd>20250708EFTDE1V1</Ustrd></RmtInf></TxDtls></NtryDtls></Ntry><Ntry><NtryRef>12</NtryRef><Amt Ccy="EUR">119.64</Amt><CdtDbtInd>CRDT</CdtDbtInd><Sts>BOOK</Sts><BookgDt><Dt>2025-07-10</Dt></BookgDt><ValDt><Dt>2025-07-10</Dt></ValDt><AcctSvcrRef>7464017795100725</AcctSvcrRef><BkTxCd><Domn><Cd>PMNT</Cd><Fmly><Cd>RCDT</Cd><SubFmlyCd>XBCT</SubFmlyCd></Fmly></Domn></BkTxCd><NtryDtls><TxDtls><Refs><AcctSvcrRef>F0119131245742R3</AcctSvcrRef></Refs><AmtDtls><InstdAmt><Amt Ccy="EUR">119.64</Amt></InstdAmt><TxAmt><Amt Ccy="EUR">119.64</Amt></TxAmt><PrtryAmt><Tp>IBS</Tp><Amt Ccy="EUR">119.64</Amt></PrtryAmt></AmtDtls><BkTxCd><Domn><Cd>PMNT</Cd><Fmly><Cd>RCDT</Cd><SubFmlyCd>XBCT</SubFmlyCd></Fmly></Domn></BkTxCd><RltdPties><Dbtr><Nm>KALO vor Ort GmbH</Nm><PstlAdr><AdrLine>20097 Hamburg</AdrLine></PstlAdr></Dbtr><Cdtr><Nm>Monta ApS</Nm></Cdtr></RltdPties><RltdAgts><DbtrAgt><FinInstnId><BIC>HASPDEHHXXX</BIC><Nm>HAMBURGER SPARKASSE AG</Nm><PstlAdr><Ctry>DE</Ctry></PstlAdr></FinInstnId></DbtrAgt></RltdAgts><RmtInf><Ustrd>KD/RG 145312/01.06.2025/ 119,64 Skt</Ustrd><Ustrd> 0,00 /0090021999/</Ustrd></RmtInf></TxDtls></NtryDtls></Ntry><Ntry><NtryRef>13</NtryRef><Amt Ccy="EUR">31.44</Amt><CdtDbtInd>CRDT</CdtDbtInd><Sts>BOOK</Sts><BookgDt><Dt>2025-07-10</Dt></BookgDt><ValDt><Dt>2025-07-10</Dt></ValDt><AcctSvcrRef>7464020470100725</AcctSvcrRef><BkTxCd><Domn><Cd>PMNT</Cd><Fmly><Cd>RCDT</Cd><SubFmlyCd>XBCT</SubFmlyCd></Fmly></Domn></BkTxCd><NtryDtls><TxDtls><Refs><AcctSvcrRef>2519180865046971</AcctSvcrRef></Refs><AmtDtls><InstdAmt><Amt Ccy="EUR">31.44</Amt></InstdAmt><TxAmt><Amt Ccy="EUR">31.44</Amt></TxAmt><PrtryAmt><Tp>IBS</Tp><Amt Ccy="EUR">31.44</Amt></PrtryAmt></AmtDtls><BkTxCd><Domn><Cd>PMNT</Cd><Fmly><Cd>RCDT</Cd><SubFmlyCd>XBCT</SubFmlyCd></Fmly></Domn></BkTxCd><RltdPties><Dbtr><Nm>Fritz Holter GmbH</Nm></Dbtr><Cdtr><Nm>Monta Aps</Nm></Cdtr></RltdPties><RltdAgts><DbtrAgt><FinInstnId><BIC>OBKLAT2L</BIC><Nm>OBERBANK AG</Nm><PstlAdr><Ctry>AT</Ctry></PstlAdr></FinInstnId></DbtrAgt></RltdAgts><RmtInf><Ustrd>134835 Differenz retour (139821)</Ustrd></RmtInf></TxDtls></NtryDtls></Ntry><Ntry><NtryRef>14</NtryRef><Amt Ccy="EUR">13.99</Amt><CdtDbtInd>CRDT</CdtDbtInd><Sts>BOOK</Sts><BookgDt><Dt>2025-07-10</Dt></BookgDt><ValDt><Dt>2025-07-10</Dt></ValDt><AcctSvcrRef>7464016771100725</AcctSvcrRef><BkTxCd><Domn><Cd>PMNT</Cd><Fmly><Cd>RCDT</Cd><SubFmlyCd>XBCT</SubFmlyCd></Fmly></Domn></BkTxCd><NtryDtls><TxDtls><Refs><AcctSvcrRef>4VXM5367L2FD6NB6</AcctSvcrRef></Refs><AmtDtls><InstdAmt><Amt Ccy="EUR">13.99</Amt></InstdAmt><TxAmt><Amt Ccy="EUR">13.99</Amt></TxAmt><PrtryAmt><Tp>IBS</Tp><Amt Ccy="EUR">13.99</Amt></PrtryAmt></AmtDtls><BkTxCd><Domn><Cd>PMNT</Cd><Fmly><Cd>RCDT</Cd><SubFmlyCd>XBCT</SubFmlyCd></Fmly></Domn></BkTxCd><RltdPties><Dbtr><Nm>Adyen N.V.</Nm><PstlAdr><AdrLine>Simon Carmiggeltstraat 1011 DJ AMST</AdrLine><AdrLine>ERDAM 6-50</AdrLine></PstlAdr></Dbtr><Cdtr><Nm>Monta ApS</Nm></Cdtr></RltdPties><RltdAgts><DbtrAgt><FinInstnId><BIC>ADYBNL2AXXX</BIC><Nm>ADYEN N.V.</Nm><PstlAdr><Ctry>NL</Ctry></PstlAdr></FinInstnId></DbtrAgt></RltdAgts><RmtInf><Ustrd>TX52066570100XT batch 677, MontaAcc</Ustrd><Ustrd>ountECOM</Ustrd></RmtInf></TxDtls></NtryDtls></Ntry><Ntry><NtryRef>15</NtryRef><Amt Ccy="EUR">20.52</Amt><CdtDbtInd>CRDT</CdtDbtInd><Sts>BOOK</Sts><BookgDt><Dt>2025-07-10</Dt></BookgDt><ValDt><Dt>2025-07-10</Dt></ValDt><AcctSvcrRef>7464020468100725</AcctSvcrRef><BkTxCd><Domn><Cd>PMNT</Cd><Fmly><Cd>RCDT</Cd><SubFmlyCd>XBCT</SubFmlyCd></Fmly></Domn></BkTxCd><NtryDtls><TxDtls><Refs><AcctSvcrRef>2519180865046973</AcctSvcrRef></Refs><AmtDtls><InstdAmt><Amt Ccy="EUR">20.52</Amt></InstdAmt><TxAmt><Amt Ccy="EUR">20.52</Amt></TxAmt><PrtryAmt><Tp>IBS</Tp><Amt Ccy="EUR">20.52</Amt></PrtryAmt></AmtDtls><BkTxCd><Domn><Cd>PMNT</Cd><Fmly><Cd>RCDT</Cd><SubFmlyCd>XBCT</SubFmlyCd></Fmly></Domn></BkTxCd><RltdPties><Dbtr><Nm>Fritz Holter GmbH</Nm></Dbtr><Cdtr><Nm>Monta Aps</Nm></Cdtr></RltdPties><RltdAgts><DbtrAgt><FinInstnId><BIC>OBKLAT2L</BIC><Nm>OBERBANK AG</Nm><PstlAdr><Ctry>AT</Ctry></PstlAdr></FinInstnId></DbtrAgt></RltdAgts><RmtInf><Ustrd>134835 Differenzen retour (135127)</Ustrd></RmtInf></TxDtls></NtryDtls></Ntry><Ntry><NtryRef>16</NtryRef><Amt Ccy="EUR">53.62</Amt><CdtDbtInd>CRDT</CdtDbtInd><Sts>BOOK</Sts><BookgDt><Dt>2025-07-10</Dt></BookgDt><ValDt><Dt>2025-07-10</Dt></ValDt><AcctSvcrRef>7464023644100725</AcctSvcrRef><BkTxCd><Domn><Cd>PMNT</Cd><Fmly><Cd>RCDT</Cd><SubFmlyCd>XBCT</SubFmlyCd></Fmly></Domn></BkTxCd><NtryDtls><TxDtls><Refs><AcctSvcrRef>00139181.0100008</AcctSvcrRef></Refs><AmtDtls><InstdAmt><Amt Ccy="EUR">53.62</Amt></InstdAmt><TxAmt><Amt Ccy="EUR">53.62</Amt></TxAmt><PrtryAmt><Tp>IBS</Tp><Amt Ccy="EUR">53.62</Amt></PrtryAmt></AmtDtls><BkTxCd><Domn><Cd>PMNT</Cd><Fmly><Cd>RCDT</Cd><SubFmlyCd>XBCT</SubFmlyCd></Fmly></Domn></BkTxCd><RltdPties><Dbtr><Nm>SERGIC INVEST</Nm></Dbtr><Cdtr><Nm>WAAT - MY WAAT - COMPTE NORDEA</Nm></Cdtr></RltdPties><RltdAgts><DbtrAgt><FinInstnId><BIC>CCBPFRPPLIL</BIC><Nm>BANQUE POPULAIRE DU NORD</Nm><PstlAdr><Ctry>FR</Ctry></PstlAdr></FinInstnId></DbtrAgt></RltdAgts><RmtInf><Ustrd>145053</Ustrd></RmtInf></TxDtls></NtryDtls></Ntry><Ntry><NtryRef>17</NtryRef><Amt Ccy="EUR">872.19</Amt><CdtDbtInd>CRDT</CdtDbtInd><Sts>BOOK</Sts><BookgDt><Dt>2025-07-10</Dt></BookgDt><ValDt><Dt>2025-07-10</Dt></ValDt><AcctSvcrRef>7464019965100725</AcctSvcrRef><BkTxCd><Domn><Cd>PMNT</Cd><Fmly><Cd>RCDT</Cd><SubFmlyCd>XBCT</SubFmlyCd></Fmly></Domn></BkTxCd><NtryDtls><TxDtls><Refs><AcctSvcrRef>3200000010000004</AcctSvcrRef></Refs><AmtDtls><InstdAmt><Amt Ccy="EUR">872.19</Amt></InstdAmt><TxAmt><Amt Ccy="EUR">872.19</Amt></TxAmt><PrtryAmt><Tp>IBS</Tp><Amt Ccy="EUR">872.19</Amt></PrtryAmt></AmtDtls><BkTxCd><Domn><Cd>PMNT</Cd><Fmly><Cd>RCDT</Cd><SubFmlyCd>XBCT</SubFmlyCd></Fmly></Domn></BkTxCd><RltdPties><Dbtr><Nm>SVO Tiemann electric GmbH</Nm></Dbtr><Cdtr><Nm>Monta ApS, Strandboulevarden 122, 5</Nm></Cdtr></RltdPties><RltdAgts><DbtrAgt><FinInstnId><BIC>VOHADE2HXXX</BIC><Nm>HANNOVERSCHE VOLKSBANK EG</Nm><PstlAdr><Ctry>DE</Ctry></PstlAdr></FinInstnId></DbtrAgt></RltdAgts><RmtInf><Ustrd>149370,149452,149481</Ustrd></RmtInf></TxDtls></NtryDtls></Ntry><Ntry><NtryRef>18</NtryRef><Amt Ccy="EUR">43.20</Amt><CdtDbtInd>CRDT</CdtDbtInd><Sts>BOOK</Sts><BookgDt><Dt>2025-07-10</Dt></BookgDt><ValDt><Dt>2025-07-10</Dt></ValDt><AcctSvcrRef>7464024235100725</AcctSvcrRef><BkTxCd><Domn><Cd>PMNT</Cd><Fmly><Cd>RCDT</Cd><SubFmlyCd>XBCT</SubFmlyCd></Fmly></Domn></BkTxCd><NtryDtls><TxDtls><Refs><AcctSvcrRef>0D81305950000029</AcctSvcrRef></Refs><AmtDtls><InstdAmt><Amt Ccy="EUR">43.20</Amt></InstdAmt><TxAmt><Amt Ccy="EUR">43.20</Amt></TxAmt><PrtryAmt><Tp>IBS</Tp><Amt Ccy="EUR">43.20</Amt></PrtryAmt></AmtDtls><BkTxCd><Domn><Cd>PMNT</Cd><Fmly><Cd>RCDT</Cd><SubFmlyCd>XBCT</SubFmlyCd></Fmly></Domn></BkTxCd><RltdPties><Dbtr><Nm>LEEB GmbH</Nm></Dbtr><Cdtr><Nm>Monta</Nm></Cdtr></RltdPties><RltdAgts><DbtrAgt><FinInstnId><BIC>RZOOAT2L680</BIC><Nm>RAIFFEISENBANK WELS EGEN</Nm><PstlAdr><Ctry>AT</Ctry></PstlAdr></FinInstnId></DbtrAgt></RltdAgts><RmtInf><Ustrd>/DOC/150392/43.20/20250701</Ustrd></RmtInf></TxDtls></NtryDtls></Ntry><Ntry><NtryRef>19</NtryRef><Amt Ccy="EUR">704.20</Amt><CdtDbtInd>CRDT</CdtDbtInd><Sts>BOOK</Sts><BookgDt><Dt>2025-07-10</Dt></BookgDt><ValDt><Dt>2025-07-10</Dt></ValDt><AcctSvcrRef>7464020839100725</AcctSvcrRef><BkTxCd><Domn><Cd>PMNT</Cd><Fmly><Cd>RCDT</Cd><SubFmlyCd>XBCT</SubFmlyCd></Fmly></Domn></BkTxCd><NtryDtls><TxDtls><Refs><AcctSvcrRef>1532507100001886</AcctSvcrRef></Refs><AmtDtls><InstdAmt><Amt Ccy="EUR">704.20</Amt></InstdAmt><TxAmt><Amt Ccy="EUR">704.20</Amt></TxAmt><PrtryAmt><Tp>IBS</Tp><Amt Ccy="EUR">704.20</Amt></PrtryAmt></AmtDtls><BkTxCd><Domn><Cd>PMNT</Cd><Fmly><Cd>RCDT</Cd><SubFmlyCd>XBCT</SubFmlyCd></Fmly></Domn></BkTxCd><RltdPties><Dbtr><Nm>U.S. BANK EUROPE DAC, CHERRYWOOD BU</Nm><PstlAdr><AdrLine>Cherrywood Business Park, Loughlins</AdrLine><AdrLine>town, Co Dublin, Ireland</AdrLine></PstlAdr></Dbtr><Cdtr><Nm>MONTA APS</Nm></Cdtr></RltdPties><RltdAgts><DbtrAgt><FinInstnId><BIC>USBKIE2D</BIC><Nm>U.S. BANK EUROPE DESIGNATED ACTIVITY COMPANY</Nm><PstlAdr><Ctry>IE</Ctry></PstlAdr></FinInstnId></DbtrAgt></RltdAgts><RmtInf><Ustrd>EMS084071004071567SE NR.2101901567 </Ustrd><Ustrd>GROSS      714.52 MSC     10.32</Ustrd></RmtInf></TxDtls></NtryDtls></Ntry><Ntry><NtryRef>20</NtryRef><Amt Ccy="EUR">18.22</Amt><CdtDbtInd>CRDT</CdtDbtInd><Sts>BOOK</Sts><BookgDt><Dt>2025-07-10</Dt></BookgDt><ValDt><Dt>2025-07-10</Dt></ValDt><AcctSvcrRef>7464024346100725</AcctSvcrRef><BkTxCd><Domn><Cd>PMNT</Cd><Fmly><Cd>RCDT</Cd><SubFmlyCd>XBCT</SubFmlyCd></Fmly></Domn></BkTxCd><NtryDtls><TxDtls><Refs><AcctSvcrRef>0D81115950000012</AcctSvcrRef></Refs><AmtDtls><InstdAmt><Amt Ccy="EUR">18.22</Amt></InstdAmt><TxAmt><Amt Ccy="EUR">18.22</Amt></TxAmt><PrtryAmt><Tp>IBS</Tp><Amt Ccy="EUR">18.22</Amt></PrtryAmt></AmtDtls><BkTxCd><Domn><Cd>PMNT</Cd><Fmly><Cd>RCDT</Cd><SubFmlyCd>XBCT</SubFmlyCd></Fmly></Domn></BkTxCd><RltdPties><Dbtr><Nm>Stern Holding GmbH</Nm></Dbtr><Cdtr><Nm>Monta ApS</Nm></Cdtr></RltdPties><RltdAgts><DbtrAgt><FinInstnId><BIC>RZOOAT2L510</BIC><Nm>RAIFFEISENBANK SALZKAMMERGUT EGEN</Nm><PstlAdr><Ctry>AT</Ctry></PstlAdr></FinInstnId></DbtrAgt></RltdAgts><RmtInf><Ustrd>150544</Ustrd></RmtInf></TxDtls></NtryDtls></Ntry><Ntry><NtryRef>21</NtryRef><Amt Ccy="EUR">15.04</Amt><CdtDbtInd>CRDT</CdtDbtInd><Sts>BOOK</Sts><BookgDt><Dt>2025-07-10</Dt></BookgDt><ValDt><Dt>2025-07-10</Dt></ValDt><AcctSvcrRef>7464021786100725</AcctSvcrRef><BkTxCd><Domn><Cd>PMNT</Cd><Fmly><Cd>RCDT</Cd><SubFmlyCd>XBCT</SubFmlyCd></Fmly></Domn></BkTxCd><NtryDtls><TxDtls><Refs><AcctSvcrRef>0D81115950000014</AcctSvcrRef></Refs><AmtDtls><InstdAmt><Amt Ccy="EUR">15.04</Amt></InstdAmt><TxAmt><Amt Ccy="EUR">15.04</Amt></TxAmt><PrtryAmt><Tp>IBS</Tp><Amt Ccy="EUR">15.04</Amt></PrtryAmt></AmtDtls><BkTxCd><Domn><Cd>PMNT</Cd><Fmly><Cd>RCDT</Cd><SubFmlyCd>XBCT</SubFmlyCd></Fmly></Domn></BkTxCd><RltdPties><Dbtr><Nm>Stern Holding GmbH</Nm></Dbtr><Cdtr><Nm>Monta ApS</Nm></Cdtr></RltdPties><RltdAgts><DbtrAgt><FinInstnId><BIC>RZOOAT2L510</BIC><Nm>RAIFFEISENBANK SALZKAMMERGUT EGEN</Nm><PstlAdr><Ctry>AT</Ctry></PstlAdr></FinInstnId></DbtrAgt></RltdAgts><RmtInf><Ustrd>150546</Ustrd></RmtInf></TxDtls></NtryDtls></Ntry><Ntry><NtryRef>22</NtryRef><Amt Ccy="EUR">112.50</Amt><CdtDbtInd>CRDT</CdtDbtInd><Sts>BOOK</Sts><BookgDt><Dt>2025-07-10</Dt></BookgDt><ValDt><Dt>2025-07-10</Dt></ValDt><AcctSvcrRef>7464022873100725</AcctSvcrRef><BkTxCd><Domn><Cd>PMNT</Cd><Fmly><Cd>RCDT</Cd><SubFmlyCd>XBCT</SubFmlyCd></Fmly></Domn></BkTxCd><NtryDtls><TxDtls><Refs><AcctSvcrRef>-14.06.47.816482</AcctSvcrRef></Refs><AmtDtls><InstdAmt><Amt Ccy="EUR">112.50</Amt></InstdAmt><TxAmt><Amt Ccy="EUR">112.50</Amt></TxAmt><PrtryAmt><Tp>IBS</Tp><Amt Ccy="EUR">112.50</Amt></PrtryAmt></AmtDtls><BkTxCd><Domn><Cd>PMNT</Cd><Fmly><Cd>RCDT</Cd><SubFmlyCd>XBCT</SubFmlyCd></Fmly></Domn></BkTxCd><RltdPties><Dbtr><Nm>ALDI SUD Dienstleistungs-SE + Co. o</Nm></Dbtr><Cdtr><Nm>Monta ApS</Nm></Cdtr></RltdPties><RltdAgts><DbtrAgt><FinInstnId><BIC>GENODEDDXXX</BIC><Nm>DZ BANK AG (FORMERLY WGZ BANK AG)</Nm><PstlAdr><Ctry>DE</Ctry></PstlAdr></FinInstnId></DbtrAgt></RltdAgts><RmtInf><Ustrd>/OBO/ALDI SE Co. KG, MAH MahlbRE MS</Ustrd><Ustrd>/024 30.4.2025</Ustrd></RmtInf></TxDtls></NtryDtls></Ntry></Stmt></BkToCstmrStmt></Document>