<?xml version="1.0" encoding="UTF-8"?><Document xmlns="urn:iso:std:iso:20022:tech:xsd:camt.053.001.02"><BkToCstmrStmt><GrpHdr><MsgId>XML99102025071200080174805706613259</MsgId><CreDtTm>2025-07-12T00:08:01.748+02:00</CreDtTm><MsgRcpt><Id><OrgId><Othr><Id>0068194567</Id><SchmeNm><Cd>CUST</Cd></SchmeNm></Othr><Othr><Id>NDEAPROD</Id><SchmeNm><Cd>BANK</Cd></SchmeNm></Othr></OrgId></Id></MsgRcpt></GrpHdr><Stmt><Id>2025-07-12-00.08.01-SEK8160</Id><ElctrncSeqNb>463</ElctrncSeqNb><LglSeqNb>129</LglSeqNb><CreDtTm>2025-07-12T00:08:01.748+02:00</CreDtTm><Acct><Id><IBAN>SE1295000099604221208160</IBAN></Id><Ccy>SEK</Ccy><Ownr><Nm>MONTA APS</Nm><Id><OrgId><Othr><Id>9557858207</Id><SchmeNm><Cd>COID</Cd></SchmeNm></Othr></OrgId></Id></Ownr><Svcr><FinInstnId><BIC>NDEASESS</BIC><ClrSysMmbId><ClrSysId><Cd>SESBA</Cd></ClrSysId><MmbId>9960</MmbId></ClrSysMmbId><PstlAdr><Ctry>SE</Ctry></PstlAdr></FinInstnId></Svcr></Acct><Bal><Tp><CdOrPrtry><Cd>OPBD</Cd></CdOrPrtry></Tp><Amt Ccy="SEK">4125341.23</Amt><CdtDbtInd>CRDT</CdtDbtInd><Dt><Dt>2025-07-11</Dt></Dt></Bal><Bal><Tp><CdOrPrtry><Cd>CLBD</Cd></CdOrPrtry></Tp><Amt Ccy="SEK">2844605.57</Amt><CdtDbtInd>CRDT</CdtDbtInd><Dt><Dt>2025-07-11</Dt></Dt></Bal><Bal><Tp><CdOrPrtry><Cd>CLAV</Cd></CdOrPrtry></Tp><Amt Ccy="SEK">2831827.98</Amt><CdtDbtInd>CRDT</CdtDbtInd><Dt><Dt>2025-07-11</Dt></Dt></Bal><Ntry><NtryRef>1</NtryRef><Amt Ccy="SEK">4770.12</Amt><CdtDbtInd>CRDT</CdtDbtInd><Sts>BOOK</Sts><BookgDt><Dt>2025-07-11</Dt></BookgDt><ValDt><Dt>2025-07-14</Dt></ValDt><AcctSvcrRef>2025071120032337461091</AcctSvcrRef><BkTxCd><Domn><Cd>PMNT</Cd><Fmly><Cd>RCDT</Cd><SubFmlyCd>DMCT</SubFmlyCd></Fmly></Domn></BkTxCd><NtryDtls><TxDtls><Refs><AcctSvcrRef>2025071120032337461091</AcctSvcrRef><TxId>2025071120032337461091</TxId></Refs><AmtDtls><TxAmt><Amt Ccy="SEK">4770.12</Amt></TxAmt></AmtDtls><BkTxCd><Domn><Cd>PMNT</Cd><Fmly><Cd>RCDT</Cd><SubFmlyCd>DMCT</SubFmlyCd></Fmly></Domn></BkTxCd><RltdPties><Dbtr><Nm>MONTA APS</Nm><PstlAdr><StrtNm>STRANDBOULEVARDEN 122, 5.</StrtNm><PstCd>00000</PstCd><TwnNm>DK-2100 KÖPENHAMN</TwnNm></PstlAdr><Id><OrgId><Othr><Id>955785-8207</Id><SchmeNm><Cd>CUST</Cd></SchmeNm></Othr></OrgId></Id></Dbtr></RltdPties><RmtInf><Ustrd>Bankgiroinsättning 450-8966</Ustrd><Ustrd>Bankgiroinsättning 450-8966</Ustrd></RmtInf></TxDtls></NtryDtls></Ntry><Ntry><NtryRef>2</NtryRef><Amt Ccy="SEK">1007.47</Amt><CdtDbtInd>CRDT</CdtDbtInd><Sts>BOOK</Sts><BookgDt><Dt>2025-07-11</Dt></BookgDt><ValDt><Dt>2025-07-14</Dt></ValDt><AcctSvcrRef>2025071155614640320</AcctSvcrRef><BkTxCd><Domn><Cd>PMNT</Cd><Fmly><Cd>RCDT</Cd><SubFmlyCd>XBCT</SubFmlyCd></Fmly></Domn></BkTxCd><NtryDtls><TxDtls><Refs><AcctSvcrRef>2025071155614640320</AcctSvcrRef><TxId>2025071155614640320</TxId></Refs><AmtDtls><TxAmt><Amt Ccy="SEK">1007.47</Amt></TxAmt></AmtDtls><BkTxCd><Domn><Cd>PMNT</Cd><Fmly><Cd>RCDT</Cd><SubFmlyCd>XBCT</SubFmlyCd></Fmly></Domn></BkTxCd><RltdPties><Dbtr><Nm>MONTA APS</Nm><PstlAdr><StrtNm>STRANDBOULEVARDEN 122, 5.</StrtNm><PstCd>00000</PstCd><TwnNm>DK-2100 KÖPENHAMN</TwnNm></PstlAdr><Id><OrgId><Othr><Id>955785-8207</Id><SchmeNm><Cd>CUST</Cd></SchmeNm></Othr></OrgId></Id></Dbtr></RltdPties><RmtInf><Ustrd>Utlandsinsättning 1464032</Ustrd><Ustrd>Utlandsinsättning 1464032</Ustrd></RmtInf></TxDtls></NtryDtls></Ntry><Ntry><NtryRef>3</NtryRef><Amt Ccy="SEK">285.10</Amt><CdtDbtInd>CRDT</CdtDbtInd><Sts>BOOK</Sts><BookgDt><Dt>2025-07-11</Dt></BookgDt><ValDt><Dt>2025-07-11</Dt></ValDt><AcctSvcrRef>2025071153219731781</AcctSvcrRef><BkTxCd><Domn><Cd>PMNT</Cd><Fmly><Cd>RCDT</Cd><SubFmlyCd>ACDT</SubFmlyCd></Fmly></Domn></BkTxCd><NtryDtls><TxDtls><Refs><AcctSvcrRef>2025071153219731781</AcctSvcrRef><TxId>2025071153219731781</TxId></Refs><AmtDtls><TxAmt><Amt Ccy="SEK">285.10</Amt></TxAmt></AmtDtls><BkTxCd><Domn><Cd>PMNT</Cd><Fmly><Cd>RCDT</Cd><SubFmlyCd>ACDT</SubFmlyCd></Fmly></Domn></BkTxCd><RltdPties><Dbtr><Nm>MONTA APS</Nm><PstlAdr><StrtNm>STRANDBOULEVARDEN 122, 5.</StrtNm><PstCd>00000</PstCd><TwnNm>DK-2100 KÖPENHAMN</TwnNm></PstlAdr><Id><OrgId><Othr><Id>955785-8207</Id><SchmeNm><Cd>CUST</Cd></SchmeNm></Othr></OrgId></Id></Dbtr></RltdPties><RmtInf><Ustrd>Insättning</Ustrd><Ustrd>Insättning</Ustrd></RmtInf></TxDtls></NtryDtls></Ntry><Ntry><NtryRef>4</NtryRef><Amt Ccy="SEK">7000.00</Amt><CdtDbtInd>CRDT</CdtDbtInd><Sts>BOOK</Sts><BookgDt><Dt>2025-07-11</Dt></BookgDt><ValDt><Dt>2025-07-14</Dt></ValDt><AcctSvcrRef>202507112007614225189</AcctSvcrRef><BkTxCd><Domn><Cd>PMNT</Cd><Fmly><Cd>RCDT</Cd><SubFmlyCd>ACDT</SubFmlyCd></Fmly></Domn></BkTxCd><NtryDtls><TxDtls><Refs><AcctSvcrRef>202507112007614225189</AcctSvcrRef><TxId>202507112007614225189</TxId></Refs><AmtDtls><TxAmt><Amt Ccy="SEK">7000.00</Amt></TxAmt></AmtDtls><BkTxCd><Domn><Cd>PMNT</Cd><Fmly><Cd>RCDT</Cd><SubFmlyCd>ACDT</SubFmlyCd></Fmly></Domn></BkTxCd><RltdPties><Dbtr><Nm>MONTA APS</Nm><PstlAdr><StrtNm>STRANDBOULEVARDEN 122, 5.</StrtNm><PstCd>00000</PstCd><TwnNm>DK-2100 KÖPENHAMN</TwnNm></PstlAdr><Id><OrgId><Othr><Id>955785-8207</Id><SchmeNm><Cd>CUST</Cd></SchmeNm></Othr></OrgId></Id></Dbtr></RltdPties><RmtInf><Ustrd>148763</Ustrd><Ustrd>148763</Ustrd></RmtInf></TxDtls></NtryDtls></Ntry><Ntry><NtryRef>5</NtryRef><Amt Ccy="SEK">83823.43</Amt><CdtDbtInd>CRDT</CdtDbtInd><Sts>BOOK</Sts><BookgDt><Dt>2025-07-11</Dt></BookgDt><ValDt><Dt>2025-07-11</Dt></ValDt><AcctSvcrRef>2025071193110449226811000000</AcctSvcrRef><BkTxCd><Domn><Cd>PMNT</Cd><Fmly><Cd>RCDT</Cd><SubFmlyCd>ACDT</SubFmlyCd></Fmly></Domn></BkTxCd><NtryDtls><TxDtls><Refs><AcctSvcrRef>2025071193110449226811000000</AcctSvcrRef><TxId>2025071193110449226811000000</TxId></Refs><AmtDtls><TxAmt><Amt Ccy="SEK">83823.43</Amt></TxAmt></AmtDtls><BkTxCd><Domn><Cd>PMNT</Cd><Fmly><Cd>RCDT</Cd><SubFmlyCd>ACDT</SubFmlyCd></Fmly></Domn></BkTxCd><RltdPties><Dbtr><Nm>MONTA APS</Nm><PstlAdr><StrtNm>STRANDBOULEVARDEN 122, 5.</StrtNm><PstCd>00000</PstCd><TwnNm>DK-2100 KÖPENHAMN</TwnNm></PstlAdr><Id><OrgId><Othr><Id>955785-8207</Id><SchmeNm><Cd>CUST</Cd></SchmeNm></Othr></OrgId></Id></Dbtr></RltdPties><RmtInf><Ustrd>STRIPE Monta</Ustrd><Ustrd>STRIPE Monta</Ustrd></RmtInf></TxDtls></NtryDtls></Ntry><Ntry><NtryRef>6</NtryRef><Amt Ccy="SEK">1127621.78</Amt><CdtDbtInd>DBIT</CdtDbtInd><Sts>BOOK</Sts><BookgDt><Dt>2025-07-11</Dt></BookgDt><ValDt><Dt>2025-07-11</Dt></ValDt><AcctSvcrRef>202507111851016845741</AcctSvcrRef><BkTxCd><Domn><Cd>PMNT</Cd><Fmly><Cd>ICDT</Cd><SubFmlyCd>AUTT</SubFmlyCd></Fmly></Domn></BkTxCd><NtryDtls><TxDtls><Refs><AcctSvcrRef>202507111851016845741</AcctSvcrRef><TxId>202507111851016845741</TxId></Refs><AmtDtls><TxAmt><Amt Ccy="SEK">1127621.78</Amt></TxAmt></AmtDtls><BkTxCd><Domn><Cd>PMNT</Cd><Fmly><Cd>ICDT</Cd><SubFmlyCd>AUTT</SubFmlyCd></Fmly></Domn></BkTxCd><RltdAgts><DbtrAgt><FinInstnId><BIC>NDEASESS</BIC><PstlAdr><Ctry>SE</Ctry></PstlAdr></FinInstnId></DbtrAgt><CdtrAgt><FinInstnId><BIC>NDEASESS</BIC><PstlAdr><Ctry>SE</Ctry></PstlAdr></FinInstnId></CdtrAgt></RltdAgts><RmtInf><Ustrd>55651038647</Ustrd><Ustrd>55651038647</Ustrd></RmtInf></TxDtls></NtryDtls></Ntry><Ntry><NtryRef>7</NtryRef><Amt Ccy="SEK">250000.00</Amt><CdtDbtInd>DBIT</CdtDbtInd><Sts>BOOK</Sts><BookgDt><Dt>2025-07-11</Dt></BookgDt><ValDt><Dt>2025-07-11</Dt></ValDt><AcctSvcrRef>20250711208826541701</AcctSvcrRef><BkTxCd><Domn><Cd>PMNT</Cd><Fmly><Cd>ICDT</Cd><SubFmlyCd>DMCT</SubFmlyCd></Fmly></Domn></BkTxCd><NtryDtls><TxDtls><Refs><AcctSvcrRef>20250711208826541701</AcctSvcrRef><TxId>20250711208826541701</TxId></Refs><AmtDtls><TxAmt><Amt Ccy="SEK">250000.00</Amt></TxAmt></AmtDtls><BkTxCd><Domn><Cd>PMNT</Cd><Fmly><Cd>ICDT</Cd><SubFmlyCd>DMCT</SubFmlyCd></Fmly></Domn></BkTxCd><RltdAgts><DbtrAgt><FinInstnId><BIC>NDEASESS</BIC><PstlAdr><Ctry>SE</Ctry></PstlAdr></FinInstnId></DbtrAgt><CdtrAgt><FinInstnId><BIC>NDEASESS</BIC><PstlAdr><Ctry>SE</Ctry></PstlAdr></FinInstnId></CdtrAgt></RltdAgts><RmtInf><Ustrd>Betalning BG 5525-0500 WISE EUROPE SA</Ustrd><Ustrd>Betalning BG 5525-0500 WISE EUROPE</Ustrd></RmtInf></TxDtls></NtryDtls></Ntry></Stmt></BkToCstmrStmt></Document>